<?xml version="1.0" encoding="utf-8"?>
<record xmlns="http://www.loc.gov/MARC21/slim" xmlns:xsi="http://www.w3.org/2001/XMLSchema-instance" xsi:schemaLocation="http://www.loc.gov/MARC21/slim http://www.loc.gov/standards/marcxml/schema/MARC21slim.xsd">
	<leader>     nam a22     Mi 4500</leader>
	<controlfield tag="001">856662</controlfield>
	<controlfield tag="003">NjP</controlfield>
	<controlfield tag="006">m        d        </controlfield>
	<controlfield tag="007">cr cn |||m|||a</controlfield>
	<controlfield tag="008">210322s1864    ua      o     000 0 ara d</controlfield>
	<datafield ind1=" " ind2=" " tag="040">
		<subfield code="a">ZYU</subfield>
		<subfield code="b">ara</subfield>
		<subfield code="e">rda</subfield>
		<subfield code="c">ZYU</subfield>
	</datafield>
	<datafield ind1="1" ind2=" " tag="100">
		<subfield code="6">880-01</subfield>
		<subfield code="a">Nābulusī, ʻAbd al-Ghanī ibn Ismāʻīl,</subfield>
		<subfield code="d">1641-1731.</subfield>
	</datafield>
	<datafield ind1="1" ind2="0" tag="240">
		<subfield code="6">880-02</subfield>
		<subfield code="a">Kifāyat al-ghulām fī arkān al-Islām fī madhhab al-imām al-aʻẓam Abī Ḥanīfah al-Naʻmān li-sayyidī ʻAbd al-Ghanī al-Nābulusī</subfield>
	</datafield>
	<datafield ind1="1" ind2="0" tag="245">
		<subfield code="6">880-03</subfield>
		<subfield code="a">Hādhā kitāb Kifāyat al-ghulām fī arkān al-Islām fī madhhab al-imām al-aʻẓam Abī Ḥanīfah al-Naʻmān li-sayyidī ʻAbd al-Ghanī al-Nābulusī.</subfield>
	</datafield>
	<datafield ind1="3" ind2=" " tag="246">
		<subfield code="6">880-04</subfield>
		<subfield code="a">Kifāyat al-ghulām fī arkān al-Islām fī madhhab al-imām al-aʻẓam Abī Ḥanīfah al-Naʻmān li-sayyidī ʻAbd al-Ghanī al-Nābulusī</subfield>
	</datafield>
	<datafield ind1=" " ind2=" " tag="260">
		<subfield code="6">880-05</subfield>
		<subfield code="a">[al-Qāhirah] :</subfield>
		<subfield code="b">Maṭbaʻat Kārlannīs Binās,</subfield>
		<subfield code="c">1281 [1864 or 1865]</subfield>
	</datafield>
	<datafield ind1=" " ind2=" " tag="300">
		<subfield code="a">online resource (16 pages)</subfield>
	</datafield>
	<datafield ind1=" " ind2=" " tag="336">
		<subfield code="a">text</subfield>
		<subfield code="2">rdacontent</subfield>
	</datafield>
	<datafield ind1=" " ind2=" " tag="337">
		<subfield code="a">computer</subfield>
		<subfield code="2">rdamedia</subfield>
	</datafield>
	<datafield ind1=" " ind2=" " tag="338">
		<subfield code="a">online resource</subfield>
		<subfield code="2">rdacarrier</subfield>
	</datafield>
	<datafield ind1=" " ind2=" " tag="500">
		<subfield code="a">Part of the Arabic Collections Online (ACO) project, contributed by Princeton University Libraries.</subfield>
	</datafield>
	<datafield ind1=" " ind2=" " tag="533">
		<subfield code="a">Electronic reproduction.</subfield>
		<subfield code="b">New York, N.Y. :</subfield>
		<subfield code="c">New York University,</subfield>
		<subfield code="d">2021.</subfield>
		<subfield code="5">NNU</subfield>
	</datafield>
	<datafield ind1=" " ind2="0" tag="650">
		<subfield code="a">Islam.</subfield>
	</datafield>
	<datafield ind1=" " ind2="7" tag="650">
		<subfield code="a">Islam.</subfield>
		<subfield code="2">fast</subfield>
		<subfield code="0">(OCoLC)fst00979776</subfield>
	</datafield>
	<datafield ind1="2" ind2=" " tag="710">
		<subfield code="a">Princeton University.</subfield>
		<subfield code="b">Library.</subfield>
	</datafield>
	<datafield ind1="0" ind2=" " tag="730">
		<subfield code="a">Arabic Collections Online.</subfield>
	</datafield>
	<datafield ind1="0" ind2="8" tag="776">
		<subfield code="i">Online version:</subfield>
		<subfield code="a">Nābulusī, ʻAbd al-Ghanī ibn Ismāʻīl, 1641-1731.</subfield>
		<subfield code="s">Kifāyat al-ghulām fī arkān al-Islām fī madhhab al-imām al-aʻẓam Abī Ḥanīfah al-Naʻmān li-sayyidī ʻAbd al-Ghanī al-Nābulusī.</subfield>
		<subfield code="t">Hādhā kitāb Kifāyat al-ghulām fī arkān al-Islām fī madhhab al-imām al-aʻẓam Abī Ḥanīfah al-Naʻmān li-sayyidī ʻAbd al-Ghanī al-Nābulusī.</subfield>
		<subfield code="d">[Cairo] : Maṭbaʻat Kārlannīs Binās, 1281 [1864 or 1865]</subfield>
		<subfield code="w">(OCoLC)657127027</subfield>
	</datafield>
	<datafield ind1="0" ind2="8" tag="776">
		<subfield code="i">Print version:</subfield>
		<subfield code="a">Nābulusī, ʻAbd al-Ghanī ibn Ismāʻīl, 1641-1731.</subfield>
		<subfield code="t">Hādhā kitāb Kifāyat al-ghulām fī arkān al-Islām fī madhhab al-imām al-aʻẓam Abī Ḥanīfah al-Naʻmān li-sayyidī ʻAbd al-Ghanī al-Nābulusī</subfield>
		<subfield code="w">(NjP)856662</subfield>
		<subfield code="w">(OCoLC)29685556</subfield>
	</datafield>
	<datafield ind1="4" ind2="0" tag="856">
		<subfield code="u">http://hdl.handle.net/2333.1/02v6x6t7</subfield>
	</datafield>
	<datafield ind1="1" ind2=" " tag="880">
		<subfield code="6">100-01</subfield>
		<subfield code="a">نابلسي، عبد الغني بن اسماعيل،</subfield>
		<subfield code="d">1641-1731.</subfield>
	</datafield>
	<datafield ind1="1" ind2="0" tag="880">
		<subfield code="6">240-02</subfield>
		<subfield code="a">كفاية الغلام في اركان الاسلام في مذهب الامام الاعظم ابي حنيفة النعمان لسيدي عبد الغني النابلسي</subfield>
	</datafield>
	<datafield ind1="1" ind2="0" tag="880">
		<subfield code="6">245-03</subfield>
		<subfield code="a">هذا كتاب كفاية الغلام في اركان الاسلام في مذهب الامام الاعظم ابي حنيفة النعمان لسيدي عبد الغني النابلسي.</subfield>
	</datafield>
	<datafield ind1="3" ind2=" " tag="880">
		<subfield code="6">246-04</subfield>
		<subfield code="a">كفاية الغلام في اركان الاسلام في مذهب الامام الاعظم ابي حنيفة النعمان لسيدي عبد الغني النابلسي</subfield>
	</datafield>
	<datafield ind1=" " ind2=" " tag="880">
		<subfield code="6">260-05</subfield>
		<subfield code="a">[القاهرة] :</subfield>
		<subfield code="b">مطبعة كارلنيس بناس،</subfield>
		<subfield code="c">1281 [1864 or 1865]</subfield>
	</datafield>
	<datafield ind1=" " ind2=" " tag="959">
		<subfield code="a">NNU</subfield>
		<subfield code="b">WEB</subfield>
		<subfield code="c">GENI</subfield>
		<subfield code="t">0</subfield>
		<subfield code="m">Electronic access</subfield>
		<subfield code="s">01</subfield>
	</datafield>
	<datafield ind1=" " ind2=" " tag="999">
		<subfield code="i">NjP_856662</subfield>
		<subfield code="o">(OCoLC)ocm29685556</subfield>
		<subfield code="s">princeton_aco004750:</subfield>
		<subfield code="e">(ERROR-880)(ERROR-MISC)</subfield>
		<subfield code="s">princeton_aco004750:</subfield>
	</datafield>
</record>
